@article{CETNAR2006640,
title = "General solution of Bateman equations for nuclear transmutations",
journal = "Annals of Nuclear Energy",
volume = "33",
number = "7",
pages = "640 - 645",
year = "2006",
issn = "0306-4549",
doi = "https://doi.org/10.1016/j.anucene.2006.02.004",
url = "http://www.sciencedirect.com/science/article/pii/S0306454906000284",
author = "Jerzy Cetnar"
}
@techreport{harr2007precise,
  title={Precise calculation of complex radioactive decay chains},
  author={Harr, Logan J},
  year={2007},
  institution={AIR FORCE INST OF TECH WRIGHT-PATTERSON AFB OH SCHOOL OF ENGINEERING AND MANAGEMENT}
}